@article{Rivera:2004ct,
author = {Rivera, Maria C and Lake, James A},
title = {{The ring of life provides evidence for a genome fusion origin of eukaryotes.}},
journal = {Nature},
year = {2004},
volume = {431},
number = {7005},
pages = {152--155},
month = sep
}

@article{Lake:2004cy,
author = {Lake, James A and Rivera, Maria C},
title = {{Deriving the genomic tree of life in the presence of horizontal gene transfer: conditioned reconstruction.}},
journal = {Molecular Biology and Evolution},
year = {2004},
volume = {21},
number = {4},
pages = {681--690},
month = apr
}

@article{Friedline:2012fm,
author = {Friedline, C J and Franklin, R B and McCallister, S L and Rivera, M C},
title = {{Bacterial assemblages of the eastern Atlantic Ocean reveal both vertical and latitudinal biogeographic signatures}},
journal = {Biogeosciences},
year = {2012},
volume = {9},
number = {6},
pages = {2177--2193}
}

%% Created using Papers on Tue, 16 Oct 2012.
%% http://mekentosj.com/papers/

@article{Tapias:2004db,
author = {Tapias, Raul and Climent, Jos{\'e} and Pardos, Jose A and Gil, Luis},
title = {{Life histories of Mediterranean pines}},
journal = {Plant Ecology (formerly Vegetatio)},
year = {2004},
volume = {171},
number = {1/2},
pages = {53--68}
}

@article{Eckert:2010hd,
author = {Eckert, Andrew J and van Heerwaarden, Joost and Wegrzyn, Jill L and Nelson, C Dana and Ross-Ibarra, Jeffrey and Gonz{\'a}lez-Mart{\'\i}nez, Santiago C and Neale, David B},
title = {{Patterns of population structure and environmental associations to aridity across the range of loblolly pine (Pinus taeda L., Pinaceae).}},
journal = {Genetics},
year = {2010},
volume = {185},
number = {3},
pages = {969--982},
month = jul
}

@article{Wymore:2011bm,
author = {Wymore, Adam S and Keeley, Annika T H and Yturralde, Kasey M and Schroer, Melanie L and Propper, Catherine R and Whitham, Thomas G},
title = {{Genes to ecosystems: exploring the frontiers of ecology with one of the smallest biological units.}},
journal = {New Phytologist},
year = {2011},
volume = {191},
number = {1},
pages = {19--36},
month = jul
}

@article{Quesada:2010iu,
author = {Quesada, Tania and Gopal, Vikneswaran and Cumbie, W Patrick and Eckert, Andrew J and Wegrzyn, Jill L and Neale, David B and Goldfarb, Barry and Huber, Dudley A and Casella, George and Davis, John M},
title = {{Association mapping of quantitative disease resistance in a natural population of loblolly pine (Pinus taeda L.).}},
journal = {Genetics},
year = {2010},
volume = {186},
number = {2},
pages = {677--686},
month = oct
}

@article{Cosart:2011bq,
author = {Cosart, Ted and Beja-Pereira, Albano and Chen, Shanyuan and Ng, Sarah B and Shendure, Jay and Luikart, Gordon},
title = {{Exome-wide DNA capture and next generation sequencing in domestic and wild species.}},
journal = {BMC genomics},
year = {2011},
volume = {12},
pages = {347--347}
}

@article{Meyer:2010eh,
author = {Meyer, Matthias and Kircher, Martin},
title = {{Illumina sequencing library preparation for highly multiplexed target capture and sequencing.}},
journal = {Cold Spring Harbor protocols},
year = {2010},
volume = {2010},
number = {6},
pages = {pdb.prot5448},
month = jun
}

@article{Eckert:2008ck,
author = {Eckert, Andrew J and Pande, Barnaly and Ersoz, Elhan S and Wright, Mark H and Rashbrook, Vanessa K and Nicolet, Charles M and Neale, David B},
title = {{High-throughput genotyping and mapping of single nucleotide polymorphisms in loblolly pine (Pinus taeda L.)}},
journal = {Tree Genetics {\&} Genomes},
year = {2008},
volume = {5},
number = {1},
pages = {225--234},
month = nov
}

@article{GonzalezMartinez:2007gy,
author = {Gonz{\'a}lez-Mart{\'\i}nez, Santiago C and Wheeler, Nicholas C and Ersoz, Elhan and Nelson, C Dana and Neale, David B},
title = {{Association genetics in Pinus taeda L. I. Wood property traits.}},
journal = {Genetics},
year = {2007},
volume = {175},
number = {1},
pages = {399--409},
month = jan
}

@article{Moya:2008ek,
author = {Moya, Daniel and Saracino, Antonio and Salvatore, Rossella and Lovreglio, Raffaella and de Las Heras, Jorge and Leone, Vittorio},
title = {{Anatomic basis and insulation of serotinous cones in Pinus halepensis Mill}},
journal = {Trees: Structure and Function},
year = {2008},
volume = {22},
number = {4},
pages = {511--519},
month = aug
}

@article{Eckert:2009ja,
author = {Eckert, Andrew J and Wegrzyn, Jill L and Pande, Barnaly and Jermstad, Kathleen D and Lee, Jennifer M and Liechty, John D and Tearse, Brandon R and Krutovsky, Konstantin V and Neale, David B},
title = {{Multilocus patterns of nucleotide diversity and divergence reveal positive selection at candidate genes related to cold hardiness in coastal Douglas Fir (Pseudotsuga menziesii var. menziesii).}},
journal = {Genetics},
year = {2009},
volume = {183},
number = {1},
pages = {289--298},
month = sep
}

@article{Eckert:2009hh,
author = {Eckert, Andrew J and Bower, Andrew D and Wegrzyn, Jill L and Pande, Barnaly and Jermstad, Kathleen D and Krutovsky, Konstantin V and St Clair, J Bradley and Neale, David B},
title = {{Association genetics of coastal Douglas fir (Pseudotsuga menziesii var. menziesii, Pinaceae). I. Cold-hardiness related traits.}},
journal = {Genetics},
year = {2009},
volume = {182},
number = {4},
pages = {1289--1302},
month = aug
}

@article{Hirschhorn:2005ck,
author = {Hirschhorn, Joel N and Daly, Mark J},
title = {{Genome-wide association studies for common diseases and complex traits.}},
journal = {Nature Reviews Genetics},
year = {2005},
volume = {6},
number = {2},
pages = {95--108},
month = feb
}

@article{Schwilk:2001jd,
author = {Schwilk, D W and Ackerly, D D},
title = {{Flammability and serotiny as strategies: correlated evolution in pines}},
journal = {Nature methods},
year = {2001},
volume = {94},
number = {2},
pages = {326--336}
}

@article{Neale:2007fe,
author = {Neale, David B},
title = {{Genomics to tree breeding and forest health.}},
journal = {Current Opinion in Genetics {\&} Development},
year = {2007},
volume = {17},
number = {6},
pages = {539--544},
month = dec
}

@article{Hohenlohe:2010iu,
author = {Hohenlohe, Paul A and Bassham, Susan and Etter, Paul D and Stiffler, Nicholas and Johnson, Eric A and Cresko, William A},
title = {{Population Genomics of Parallel Adaptation in Threespine Stickleback using Sequenced RAD Tags.}},
journal = {PLoS genetics},
year = {2010},
volume = {6},
number = {2},
pages = {e1000862--e1000862},
month = feb
}

@article{GonzalezMartinez:2008gc,
author = {Gonz{\'a}lez-Mart{\'\i}nez, S C and Huber, D and Ersoz, E and Davis, J M and Neale, D B},
title = {{Association genetics in Pinus taeda L. II. Carbon isotope discrimination.}},
journal = {Heredity},
year = {2008},
volume = {101},
number = {1},
pages = {19--26},
month = jul
}

@article{Eckert:2012go,
author = {Eckert, Andrew J AJ and Dyer, Rodney J RJ},
title = {{Defining the landscape of adaptive genetic diversity.}},
journal = {Molecular Ecology},
year = {2012},
volume = {21},
number = {12},
pages = {2836--2838},
month = jun
}

@article{He:2012bz,
author = {He, Tianhua and Pausas, Juli G and Belcher, Claire M and Schwilk, Dylan W and Lamont, Byron B},
title = {{Fire-adapted traits of Pinus arose in the fiery Cretaceous.}},
journal = {New Phytologist},
year = {2012},
volume = {194},
number = {3},
pages = {751--759},
month = may
}

@article{Keeley:2011jw,
author = {Keeley, Jon E JE and Pausas, Juli G JG and Rundel, Philip W PW and Bond, William J WJ and Bradstock, Ross A RA},
title = {{Fire as an evolutionary pressure shaping plant traits.}},
journal = {Trends in Plant Science},
year = {2011},
volume = {16},
number = {8},
pages = {406--411},
month = aug
}

@article{Grotkopp:2004hi,
author = {Grotkopp, Eva E and Rejm{\'a}nek, Marcel M and Sanderson, Michael J MJ and Rost, Thomas L TL},
title = {{Evolution of genome size in pines (Pinus) and its life-history correlates: supertree analyses.}},
journal = {Evolution; international journal of organic evolution},
year = {2004},
volume = {58},
number = {8},
pages = {1705--1729},
month = aug
}

@article{GonzalezMartinez:2006ij,
author = {Gonz{\'a}lez-Mart{\'\i}nez, Santiago C and Krutovsky, Konstantin V and Neale, David B},
title = {{Forest-tree population genomics and adaptive evolution.}},
journal = {New Phytologist},
year = {2006},
volume = {170},
number = {2},
pages = {227--238}
}

@article{Midgley:2011dw,
author = {Midgley, Jeremy and Bond, William},
title = {{Pushing back in time: the role of fire in plant evolution.}},
journal = {New Phytologist},
year = {2011},
volume = {191},
number = {1},
pages = {5--7},
month = jul
}

@article{Gupta:2005fx,
author = {Gupta, Pushpendra K PK and Rustgi, Sachin S and Kulwal, Pawan L PL},
title = {{Linkage disequilibrium and association studies in higher plants: present status and future prospects.}},
journal = {Plant Molecular Biology},
year = {2005},
volume = {57},
number = {4},
pages = {461--485},
month = mar
}

@article{Vega:2008vk,
author = {Vega, J A and Fern{\'a}ndez, C and P{\'e}rez-Gorostiaga, P and Fonturbel, T},
title = {{The influence of fire severity, serotiny, and post-fire management on< i> Pinus pinaster</i> Ait. recruitment in three burnt areas in Galicia (NW Spain)}},
journal = {Forest Ecology and Management},
year = {2008},
volume = {256},
number = {9},
pages = {1596--1603}
}

@article{Neale:2004hi,
author = {Neale, David B and Savolainen, Outi},
title = {{Association genetics of complex traits in conifers.}},
journal = {Trends in Plant Science},
year = {2004},
volume = {9},
number = {7},
pages = {325--330},
month = jul
}

@article{Parchman:2012ca,
author = {Parchman, Thomas L and Gompert, Zachariah Z and Mudge, Joann J and Schilkey, Faye D and Benkman, Craig W and Buerkle, C Alex},
title = {{Genome-wide association genetics of an adaptive trait in lodgepole pine.}},
journal = {Molecular Ecology},
year = {2012},
volume = {21},
number = {12},
pages = {2991--3005},
month = jun
}

@article{Gompert:2010kn,
author = {Gompert, Zachariah and Forister, Matthew L and Fordyce, James A and Nice, Chris C and Williamson, Robert J and Buerkle, C Alex},
title = {{Bayesian analysis of molecular variance in pyrosequences quantifies population genetic structure across the genome of Lycaeides butterflies.}},
journal = {Molecular Ecology},
year = {2010},
volume = {19},
number = {12},
pages = {2455--2473},
month = jun
}

@article{Elshire:2011gn,
author = {Elshire, Robert J and Glaubitz, Jeffrey C and Sun, Qi and Poland, Jesse A and Kawamoto, Ken and Buckler, Edward S and Mitchell, Sharon E},
title = {{A robust, simple genotyping-by-sequencing (GBS) approach for high diversity species.}},
journal = {Plos One},
year = {2011},
volume = {6},
number = {5},
pages = {e19379--e19379}
}

@article{Andolfatto:2011du,
author = {Andolfatto, Peter P and Davison, Dan D and Erezyilmaz, Deniz D and Hu, Tina T TT and Mast, Joshua J and Sunayama-Morita, Tomoko T and Stern, David L DL},
title = {{Multiplexed shotgun genotyping for rapid and efficient genetic mapping.}},
journal = {Genes {\&} Development},
year = {2011},
volume = {21},
number = {4},
pages = {610--617},
month = apr
}

@article{Lesser:2012en,
author = {Lesser, Mark R MR and Parchman, Thomas L TL and Buerkle, C Alex CA},
title = {{Cross-species transferability of SSR loci developed from transciptome sequencing in lodgepole pine.}},
journal = {Molecular ecology resources},
year = {2012},
volume = {12},
number = {3},
pages = {448--455},
month = may
}

@article{Hudson:2008jq,
author = {Hudson, Matthew E},
title = {{Sequencing breakthroughs for genomic ecology and evolutionary biology.}},
journal = {Molecular ecology resources},
year = {2008},
volume = {8},
number = {1},
pages = {3--17},
month = jan
}

@article{Schatz:2012kz,
author = {Schatz, Michael C and Witkowski, Jan and McCombie, W Richard},
title = {{Current challenges in de novo plant genome sequencing and assembly.}},
journal = {Genome Biology},
year = {2012},
volume = {13},
number = {4},
pages = {243},
month = apr
}

@article{Baxter:2011bc,
author = {Baxter, Simon W and Davey, John W and Johnston, J Spencer and Shelton, Anthony M and Heckel, David G and Jiggins, Chris D and Blaxter, Mark L},
title = {{Linkage mapping and comparative genomics using next-generation RAD sequencing of a non-model organism.}},
journal = {Plos One},
year = {2011},
volume = {6},
number = {4},
pages = {e19315--e19315},
month = jan
}

@article{Craig:2008ep,
author = {Craig, David W and Pearson, John V and Szelinger, Szabolcs and Sekar, Aswin and Redman, Margot  and Corneveaux, Jason J  and Pawlowski, Traci L  and Laub, Trisha and Nunn, Gary  and Stephan, Dietrich A  and Homer, Nils  and Huentelman, Matthew J },
title = {{Identification of genetic variants using bar-coded multiplexed sequencing.}},
journal = {Nature methods},
year = {2008},
volume = {5},
number = {10},
pages = {887--893},
month = oct
}

@article{Stinchcombe:2008ca,
author = {Stinchcombe, J R and Hoekstra, H E},
title = {{Combining population genomics and quantitative genetics: finding the genes underlying ecologically important traits.}},
journal = {Heredity},
year = {2008},
volume = {100},
number = {2},
pages = {158--170},
month = feb
}

@article{Cao:1986th,
author = {Cao, Quang V and Pepper, William D},
title = {{Predicting Inside Bark Diameter for Shortleaf, Loblolly, and Longleaf Pines}},
journal = {Southern Journal of Applied Forestry},
year = {1986},
volume = {10},
pages = {220--224}
}

@article{Li:2010bl,
author = {Li, Rongxia and Weiskittel, Aaron R},
title = {{Estimating and predicting bark thickness for seven conifer species in the Acadian Region of North America using a mixed-effects modeling approach: comparison of model forms and subsampling strategies}},
journal = {European Journal of Forest Research},
year = {2010},
volume = {130},
number = {2},
pages = {219--233},
month = aug
}

@article{Yu:2006ij,
author = {Yu, Jianming and Pressoir, Gael and Briggs, William H and Bi, Irie Vroh and Yamasaki, Masanori and Doebley, John F and McMullen, Michael D and Gaut, Brandon S. and Nielsen, Dahlia M and Holland, James B and Kresovich, Stephen and Buckler, Edward S},
title = {{A unified mixed-model method for association mapping that accounts for multiple levels of relatedness.}},
journal = {Nature genetics},
year = {2006},
volume = {38},
number = {2},
pages = {203--208},
month = feb
}

@article{Bowman:2009kp,
author = {Bowman, David M J S and Balch, Jennifer K and Artaxo, Paulo and Bond, William J and Carlson, Jean M and Cochrane, Mark A and D'Antonio, Carla M and Defries, Ruth S and Doyle, John C and Harrison, Sandy P and Johnston, Fay H and Keeley, Jon E and Krawchuk, Meg A and Kull, Christian A and Marston, J Brad and Moritz, Max A and Prentice, I Colin and Roos, Christopher I and Scott, Andrew C and Swetnam, Thomas W and van der Werf, Guido R and Pyne, Stephen J},
title = {{Fire in the Earth system.}},
journal = {Science},
year = {2009},
volume = {324},
number = {5926},
pages = {481--484},
month = apr
}

@incollection{Keeley:2003vn,
author = {Keeley, Jon E and Zedler, Paul H},
title = {{Evolution of life histories in Pinus}},
booktitle = {Ecology and Biogeography of Pinus},
year = {1998},
editor = {Richardson, D M},
pages = {219--249},
publisher = {Cambridge University Press},
address = {Cambridge, UK},
}

@manual{Pagel:2007ux,
title = {{BayesTraits}},
author = {Pagel, Mark and Meade, Andrew},
year = {2007}
}

@article{Mackay:2012hr,
author = {Mackay, John and Dean, Jeffrey F D and Plomion, Christophe and Peterson, Daniel G and C{\'a}novas, Francisco M and Pavy, Nathalie and Ingvarsson, P{\"a}r K and Savolainen, Outi and Guevara, M {\'A}ngeles and Fluch, Silvia and Vinceti, Barbara and Abarca, Dolores and D{\'\i}az-Sala, Carmen and Cervera, Mar{\'\i}a-Teresa},
title = {{Towards decoding the conifer giga-genome}},
journal = {Plant Molecular Biology},
year = {2012},
pages = {--},
month = sep
}

@misc{code:2008wq,
author = {Friedline, Christopher J.},
title = {{Code repository}},
year = {2008--2012},
url = {http://code.friedline.net}
}


@article{Li:2009ka,
author = {Li, Heng and Handsaker, Bob and Subgroup, 1000 Genome Project Data Processing and {10}},
title = {{The Sequence Alignment/Map format and SAMtools.}},
journal = {Bioinformatics},
year = {2009},
volume = {25},
number = {16},
pages = {2078--2079},
month = aug
}

@article{Li:2009fi,
author = {Li, Heng and Durbin, Richard},
title = {{Fast and accurate short read alignment with Burrows-Wheeler transform.}},
journal = {Bioinformatics},
year = {2009},
volume = {25},
number = {14},
pages = {1754--1760},
month = jul
}

@article{Li:2011cu,
title = {{A statistical framework for SNP calling, mutation discovery, association mapping and population genetical parameter estimation from sequencing data}},
journal = {Bioinformatics},
year = {2011},
pages = {--},
month = sep
}

@article{McKenna:2010bv,
author = {McKenna, Aaron and Hanna, Matthew and Banks, Eric and Sivachenko, Andrey and Cibulskis, Kristian and Kernytsky, Andrew and Garimella, Kiran and Altshuler, David and Gabriel, Stacey and Daly, Mark and DePristo, Mark A},
title = {{The Genome Analysis Toolkit: a MapReduce framework for analyzing next-generation DNA sequencing data.}},
journal = {Genome Research},
year = {2010},
volume = {20},
number = {9},
pages = {1297--1303},
month = sep
}

@article{You:2012iy,
author = {You, N and Murillo, G and Cui, X and {9}},
title = {{SNP calling using genotype model selection on high-throughput sequencing data}},
journal = {Bioinformatics},
year = {2012},
pages = {--},
month = jan
}

@article{Jakobsson:2005jo,
author = {Jakobsson, A and Dinnetz, P},
title = {{Local adaptation and the effects of isolation and population size--the semelparous perennial Carlina vulgaris as a study case}},
journal = {Evolutionary Ecology},
year = {2005},
volume = {19},
number = {5},
pages = {449--466}
}

@article{Leimu:2008fb,
author = {Leimu, Roosa and Fischer, Markus},
title = {{A meta-analysis of local adaptation in plants.}},
journal = {Plos One},
year = {2008},
volume = {3},
number = {12},
pages = {e4010}
}

@article{Bowman:2008hf,
author = {Bowman, Gillianne and Perret, Catherine and Hoehn, Sophie and Galeuchet, David J and Fischer, Markus},
title = {{Habitat fragmentation and adaptation: a reciprocal replant-transplant experiment among 15 populations of \emph{Lychnis flos-cuculi}}},
journal = {Journal Of Ecology},
year = {2008},
volume = {96},
number = {5},
pages = {1056--1064},
month = jan
}

@article{Wegrzyn:2010dd,
author = {Wegrzyn, Jill L and Eckert, Andrew J and Choi, Minyoung and Lee, Jennifer M and Stanton, Brian J and Sykes, Robert and Davis, Mark F and Tsai, Chung-Jui and Neale, David B},
title = {{Association genetics of traits controlling lignin and cellulose biosynthesis in black cottonwood (Populus trichocarpa, Salicaceae) secondary xylem.}},
journal = {New Phytologist},
year = {2010},
volume = {188},
number = {2},
pages = {515--532},
month = oct
}

@article{Eckert:2012cw,
author = {Eckert, Andrew J and Wegrzyn, Jill L and Cumbie, W Patrick and Goldfarb, Barry and Huber, Dudley A and Tolstikov, Vladimir and Fiehn, Oliver and Neale, David B},
title = {{Association genetics of the loblolly pine (Pinus taeda, Pinaceae) metabolome.}},
journal = {New Phytologist},
year = {2012},
volume = {193},
number = {4},
pages = {890--902},
month = mar
}

@article{Lamont:1991js,
author = {Lamont, Byron B and Maitre, D C and Cowling, R M and Enright, N J},
title = {{Canopy seed storage in woody plants}},
journal = {The Botanical Review},
year = {1991},
volume = {57},
number = {4},
pages = {277--317},
month = oct
}

@article{Willing:2011jb,
author = {Willing, Eva-Maria and Hoffmann, Margarete and Klein, Juliane D and Weigel, Detlef and Dreyer, Christine},
title = {{Paired-end RAD-seq for de novo assembly and marker design without available reference.}},
journal = {Bioinformatics},
year = {2011},
volume = {27},
number = {16},
pages = {2187--2193},
month = aug
}

@article{Cock:2009hj,
author = {Cock, Peter J A and Antao, Tiago and Chang, Jeffrey T and Chapman, Brad A and Cox, Cymon J and Dalke, Andrew and Friedberg, Iddo and Hamelryck, Thomas and Kauff, Frank and Wilczynski, Bartek and de Hoon, Michiel J L},
title = {{Biopython: freely available Python tools for computational molecular biology and bioinformatics.}},
journal = {Bioinformatics},
year = {2009},
volume = {25},
number = {11},
pages = {1422--1423},
month = jun
}

@article{Patel:2012fq,
author = {Patel, Ravi K and Jain, Mukesh},
title = {{NGS QC Toolkit: a toolkit for quality control of next generation sequencing data.}},
journal = {Plos One},
year = {2012},
volume = {7},
number = {2},
pages = {e30619--e30619}
}

@article{Ingvarsson:2011fg,
author = {Ingvarsson, P{\"a}r K and Street, Nathaniel R},
title = {{Association genetics of complex traits in plants.}},
journal = {New Phytologist},
year = {2011},
volume = {189},
number = {4},
pages = {909--922},
month = mar
}

@article{Neale:2011jh,
author = {Neale, David B and Kremer, Antoine},
title = {{Forest tree genomics: growing resources and applications.}},
journal = {Nature Reviews Genetics},
year = {2011},
volume = {12},
number = {2},
pages = {111--122},
month = feb
}

@article{Holliday:2012fz,
author = {Holliday, Jason A JA and Wang, Tongli T and Aitken, Sally S},
title = {{Predicting Adaptive Phenotypes From Multilocus Genotypes in Sitka Spruce (Picea sitchensis) Using Random Forest.}},
journal = {G3: Genes, Genomes, Genetics},
year = {2012},
volume = {2},
number = {9},
pages = {1085--1093},
month = sep
}

@article{Syring:2007gd,
author = {Syring, John and Farrell, Kathleen and Businsk{\'y}, Roman and Cronn, Richard and Liston, Aaron},
title = {{Widespread genealogical nonmonophyly in species of Pinus subgenus Strobus.}},
journal = {Systematic biology},
year = {2007},
volume = {56},
number = {2},
pages = {163--181},
month = apr
}

@article{Willyard:2009ez,
author = {Willyard, Ann and Cronn, Richard and Liston, Aaron},
title = {{Reticulate evolution and incomplete lineage sorting among the ponderosa pines.}},
journal = {Molecular phylogenetics and evolution},
year = {2009},
volume = {52},
number = {2},
pages = {498--511},
month = aug
}

@article{Liston:2007cx,
author = {Liston, Aaron A and Parker-Defeniks, Mariah M and Syring, John V JV and Willyard, Ann A and Cronn, Richard R},
title = {{Interspecific phylogenetic analysis enhances intraspecific phylogeographical inference: a case study in Pinus lambertiana.}},
journal = {Molecular Ecology},
year = {2007},
volume = {16},
number = {18},
pages = {3926--3937},
month = sep
}

@article{Zhou:2010hk,
author = {Zhou, Yong Feng and Abbott, Richard J and Jiang, Zu Yao and Du, Fang K and Milne, Richard I and Liu, Jian Quan},
title = {{Gene flow and species delimitation: a case study of two pine species with overlapping distributions in southeast China.}},
journal = {Evolution; international journal of organic evolution},
year = {2010},
volume = {64},
number = {8},
pages = {2342--2352},
month = aug
}

@article{Segurel:vf,
author = {S{\'e}gurel, Laure and Thompson, Emma E and Flutre, Timoth{\'e}e and Lovstad, Jessica and Venkat, Aarti and Margulis, Susan W and Moyse, Jill and Ross, Steve and Gamble, Kathryn and Sella, Guy and Ober, Carole and Przeworski, Molly},
title = {{The ABO blood group is a trans-species polymorphism in primates.}},
journal = {Proceedings Of The National Academy Of Sciences Of The United States Of America},
year = {2012},
month = oct
}

@article{Becquet:2007js,
author = {Becquet, Celine and Przeworski, Molly},
title = {{A new approach to estimate parameters of speciation models with application to apes.}},
journal = {Genome Research},
year = {2007},
volume = {17},
number = {10},
pages = {1505--1519},
month = oct
}

@article{Roche454MID,
author = {{454 Life Sciences Corp.}},
title = {{Using Multiplex Identifier (MID) Adaptors for the GS FLX Titanium Chemistry - Extended MID Set
}},
journal = {Technical Bulletin},
year = {2009},
volume = {TCB 005-2009},
pages = {1--7},
month = apr
}

@article{Edgar:2004ic,
author = {Edgar, Robert C},
title = {{MUSCLE: a multiple sequence alignment method with reduced time and space complexity.}},
journal = {Bmc Bioinformatics},
year = {2004},
volume = {5},
pages = {113},
month = aug
}

@article{Katoh:2005ia,
author = {Katoh, Kazutaka and Kuma, Kei-ichi and Toh, Hiroyuki and Miyata, Takashi},
title = {{MAFFT version 5: improvement in accuracy of multiple sequence alignment.}},
journal = {Nucleic Acids Research},
year = {2005},
volume = {33},
number = {2},
pages = {511--518}
}

@article{Yang:2007ki,
author = {Yang, Ziheng Z},
title = {{PAML 4: phylogenetic analysis by maximum likelihood.}},
journal = {Molecular Biology and Evolution},
year = {2007},
volume = {24},
number = {8},
pages = {1586--1591},
month = aug
}



























































